<?xml version="1.0" encoding="UTF-8"?><record xmlns="http://www.loc.gov/MARC21/slim" xmlns:cinclude="http://apache.org/cocoon/include/1.0" xmlns:zs="http://www.loc.gov/zing/srw/">
  <leader>00596cz  a2200145n  4500</leader>
  <controlfield tag="001">n  88135632 </controlfield>
  <controlfield tag="003">DLC</controlfield>
  <controlfield tag="005">20120811082521.0</controlfield>
  <controlfield tag="008">880630n| acannaab           |n aaa      </controlfield>
  <datafield tag="010" ind1=" " ind2=" ">
    <subfield code="a">n  88135632 </subfield>
  </datafield>
  <datafield tag="040" ind1=" " ind2=" ">
    <subfield code="a">DLC</subfield>
    <subfield code="b">eng</subfield>
    <subfield code="c">DLC</subfield>
    <subfield code="d">DLC</subfield>
  </datafield>
  <datafield tag="100" ind1="1" ind2=" ">
    <subfield code="a">Müller, Gerhard,</subfield>
    <subfield code="c">Prof. Dr.</subfield>
  </datafield>
  <datafield tag="667" ind1=" " ind2=" ">
    <subfield code="a">THIS 1XX FIELD CANNOT BE USED UNDER RDA UNTIL THIS RECORD HAS BEEN REVIEWED AND/OR UPDATED</subfield>
  </datafield>
  <datafield tag="670" ind1=" " ind2=" ">
    <subfield code="a">Monopole kontra kleinkapital, 1987:</subfield>
    <subfield code="b">t.p. (Gerhard Müller) t.p. verso (Prof. Dr.; Karl-Marx-Univ. Leipzig)</subfield>
  </datafield>
  <datafield tag="675" ind1=" " ind2=" ">
    <subfield code="a">Kürschn. Deut. Gel.-Kal., 1987;</subfield>
    <subfield code="a">Buch, G. Namen und Daten wichtiger Pers. d. DDR, 1982</subfield>
  </datafield>
</record>